@BOOK
{
    Example1,
	AUTHOR = {Demtr√∂der, W.},
	YEAR = {2010},
	TITLE = {Experimentalphysik 4 - Kern-, Teilchen- Und Astrophysik},
	EDITION = {3. Edition},
	ISBN = {978-3-642-01598-4},
	PUBLISHER = {Springer DE},
	ADDRESS = {Berlin},
	PAGES = {300},
    NOTE = {Seite 30},
}

@MISC
{
    Example2,
	AUTHOR = {Testautor},
    NOTE = {\url{https://google.com}, letzter Zugriff 27.10.2021}
}